@article{poor1989,
    author = {W. A. Poor},
    title = {A Geometric Description of Wander Azimuth Frames},
    journal = {Journal of the Institute of Navigation},
    year = {1989},
    volume = {36},
    number = {3},
    keywords = {unclassified},
}
@book{savage2000,
    author = {P. G. Savage},
    title = {Strapdown Analytics II, Part 1},
    publisher = {Strapdown Associates},
    year = {2000},
}
@article{savage2015,
    author = {P. G. Savage},
    title = {Computational Elements For Strapdown Systems},
    journal = {Strapdown Associates, Inc.},
    year = {2015}
}